@ARTICLE{fer_mello,
   author = {{Ferraz-Mello}, S.},
    title = "{Estimation of Periods from Unequally Spaced Observations}",
  journal = {The Astronomical Journal},
     year = 1981,
    month = apr,
   volume = 86,
    pages = {619},
      doi = {10.1086/112924},
   adsurl = {http://adsabs.harvard.edu/abs/1981AJ.....86..619F},
  adsnote = {Provided by the SAO/NASA Astrophysics Data System}
}

@ARTICLE{lomb,
   author = {{Lomb}, N.~R.},
    title = "{Least-squares frequency analysis of unequally spaced data}",
  journal = {Astrophysics and Space Science},
 keywords = {Astronomy, Data Reduction, Least Squares Method, Background Noise, Power Spectra, Sine Waves, Spectrum Analysis, Statistical Analysis, Variable Stars},
     year = 1976,
    month = feb,
   volume = 39,
    pages = {447-462},
      doi = {10.1007/BF00648343},
   adsurl = {http://adsabs.harvard.edu/abs/1976Ap26SS..39..447L},
  adsnote = {Provided by the SAO/NASA Astrophysics Data System}
}

@ARTICLE{comparison,
   author = {{Graham}, M.~J. and {Drake}, A.~J. and {Djorgovski}, S.~G. and 
	{Mahabal}, A.~A. and {Donalek}, C. and {Duan}, V. and {Maker}, A.
	},
    title = "{A comparison of period finding algorithms}",
  journal = {Monthly Notices of the RAS},
archivePrefix = "arXiv",
   eprint = {1307.2209},
 primaryClass = "astro-ph.IM",
 keywords = {methods: data analysis, techniques: photometric, astronomical data bases: miscellaneous, virtual observatory tools},
     year = 2013,
    month = oct,
   volume = 434,
    pages = {3423-3444},
      doi = {10.1093/mnras/stt1264},
   adsurl = {http://adsabs.harvard.edu/abs/2013MNRAS.434.3423G},
  adsnote = {Provided by the SAO/NASA Astrophysics Data System}
}

@ARTICLE{aov,
   author = {{Schwarzenberg-Czerny}, A.},
    title = "{On the advantage of using analysis of variance for period search}",
  journal = {Monthly Notices of the RAS},
 keywords = {Astronomical Photometry, Computational Astrophysics, Cosmology, Variance (Statistics), Probability Distribution Functions, Statistical Analysis},
     year = 1989,
    month = nov,
   volume = 241,
    pages = {153-165},
   adsurl = {http://adsabs.harvard.edu/abs/1989MNRAS.241..153S},
  adsnote = {Provided by the SAO/NASA Astrophysics Data System}
}

@ARTICLE{entropy,
   author = {{Cincotta}, P.~M. and {Mendez}, M. and {Nunez}, J.~A.},
    title = "{Astronomical Time Series Analysis. I. A Search for Periodicity Using Information Entropy}",
  journal = {The Astrophysical Journal},
 keywords = {METHODS: ANALYTICAL, METHODS: NUMERICAL, STARS: VARIABLES: OTHER},
     year = 1995,
    month = aug,
   volume = 449,
    pages = {231},
      doi = {10.1086/176050},
   adsurl = {http://adsabs.harvard.edu/abs/1995ApJ...449..231C},
  adsnote = {Provided by the SAO/NASA Astrophysics Data System}
}

@ARTICLE{ce,
   author = {{Graham}, M.~J. and {Drake}, A.~J. and {Djorgovski}, S.~G. and 
	{Mahabal}, A.~A. and {Donalek}, C.},
    title = "{Using conditional entropy to identify periodicity}",
  journal = {Monthly Notices of RAS},
archivePrefix = "arXiv",
   eprint = {1306.6664},
 primaryClass = "astro-ph.IM",
 keywords = {methods: data analysis, techniques: photometric, astronomical data bases: miscellaneous},
     year = 2013,
    month = sep,
   volume = 434,
    pages = {2629-2635},
      doi = {10.1093/mnras/stt1206},
   adsurl = {http://adsabs.harvard.edu/abs/2013MNRAS.434.2629G},
  adsnote = {Provided by the SAO/NASA Astrophysics Data System}
}
